@misc{sunburst,
  title = {Zoomable Sunburst},
  howpublished = {\url{https://bl.ocks.org/mbostock/4348373}},
}

@misc{gmapsapi,
  title = {Google Maps JavaScript API},
  howpublished = {\url{https://developers.google.com/maps/documentation/javascript/}},
}


@article{van2014multivariate,
  title={Multivariate network exploration and presentation: From detail to overview via selections and aggregations},
  author={Van den Elzen, Stef and Van Wijk, Jarke J},
  journal={IEEE Transactions on Visualization and Computer Graphics},
  volume={20},
  number={12},
  pages={2310--2319},
  year={2014},
  publisher={IEEE}
}

@article{stolper2014glo,
  title={Glo-stix: Graph-level operations for specifying techniques and interactive exploration},
  author={Stolper, Charles D and Kahng, Minsuk and Lin, Zhiyuan and Foerster, Florian and Goel, Aakash and Stasko, John and Chau, Duen Horng},
  journal={IEEE transactions on visualization and computer graphics},
  volume={20},
  number={12},
  pages={2320--2328},
  year={2014},
  publisher={IEEE}
}
