@misc{sunburst,
  title = {Zoomable Sunburst},
  author = {Bostock, Mike},
  howpublished = {\url{https://bl.ocks.org/mbostock/4348373}},
  year={2012},
}

@misc{gmapsapi,
  title = {Google Maps JavaScript API, v3.31},
  author = {Google},
  howpublished = {\url{https://developers.google.com/maps/documentation/javascript/}},
  year={2017},
}

@misc{bootstraptour,
  title = {Bootstrap Tour},
  author = {Sossou, Ulrich and Marchi, Emanuele and Molinari, Nicola},
  howpublished = {\url{https://bootstraptour.com/}},
  year = {2017},
}

@article{d3,
 author = {Bostock, Michael and Ogievetsky, Vadim and Heer, Jeffrey},
 title = {D3 Data-Driven Documents},
 journal = {IEEE Transactions on Visualization and Computer Graphics},
 issue_date = {December 2011},
 volume = {17},
 number = {12},
 month = dec,
 year = {2011},
 issn = {1077-2626},
 pages = {2301--2309},
 numpages = {9},
 url = {http://dx.doi.org/10.1109/TVCG.2011.185},
 doi = {10.1109/TVCG.2011.185},
 acmid = {2068631},
 publisher = {IEEE Educational Activities Department},
 address = {Piscataway, NJ, USA},
 keywords = {Information visualization, user interfaces, toolkits, 2D graphics.},
} 

@article{detailtooverview,
  title={Multivariate network exploration and presentation: From detail to overview via selections and aggregations},
  author={Van den Elzen, Stef and Van Wijk, Jarke J},
  journal={IEEE Transactions on Visualization and Computer Graphics},
  volume={20},
  number={12},
  pages={2310--2319},
  year={2014},
  publisher={IEEE}
}

@article{glostix,
  title={Glo-stix: Graph-level operations for specifying techniques and interactive exploration},
  author={Stolper, Charles D and Kahng, Minsuk and Lin, Zhiyuan and Foerster, Florian and Goel, Aakash and Stasko, John and Chau, Duen Horng},
  journal={IEEE transactions on visualization and computer graphics},
  volume={20},
  number={12},
  pages={2320--2328},
  year={2014},
  publisher={IEEE}
}

@article{bishop2007pattern,
  title={Pattern Recognition and Machine Learning (Information Science and Statistics), 1st edn. 2006. corr. 2nd printing edn},
  author={Bishop, C},
  journal={Springer, New York},
  year={2007}
}

@book{rasmussen2006gaussian,
  title={Gaussian processes for machine learning},
  author={Rasmussen, Carl Edward and Williams, Christopher KI},
  volume={1},
  year={2006},
  publisher={MIT press Cambridge}
}

@article{smith2011multispecies,
  title={Multispecies survey design for assessing reef-fish stocks, spatially explicit management performance, and ecosystem condition},
  author={Smith, Steven G and Ault, Jerald S and Bohnsack, James A and Harper, Douglas E and Luo, Jiangang and McClellan, David B},
  journal={Fisheries Research},
  volume={109},
  number={1},
  pages={25--41},
  year={2011},
  publisher={Elsevier}
}

@article{kreft2010framework,
  title={A framework for delineating biogeographical regions based on species distributions},
  author={Kreft, Holger and Jetz, Walter},
  journal={Journal of Biogeography},
  volume={37},
  number={11},
  pages={2029--2053},
  year={2010},
  publisher={Wiley Online Library}
}

@article{de2000classification,
  title={Classification and regression trees: a powerful yet simple technique for ecological data analysis},
  author={De'ath, Glenn and Fabricius, Katharina E},
  journal={Ecology},
  volume={81},
  number={11},
  pages={3178--3192},
  year={2000},
  publisher={Wiley Online Library}
}

@article{rogowitz1996not,
  title={How not to lie with visualization},
  author={Rogowitz, Bernice E and Treinish, Lloyd A and Bryson, Steve and others},
  journal={Computers in Physics},
  volume={10},
  number={3},
  pages={268--273},
  year={1996},
  publisher={AIP Publishing}
}

@article{heer2007animated,
  title={Animated transitions in statistical data graphics},
  author={Heer, Jeffrey and Robertson, George},
  journal={IEEE transactions on visualization and computer graphics},
  volume={13},
  number={6},
  pages={1240--1247},
  year={2007},
  publisher={IEEE}
}

@article{liu2014effects,
  title={The effects of interactive latency on exploratory visual analysis},
  author={Liu, Zhicheng and Heer, Jeffrey},
  journal={IEEE transactions on visualization and computer graphics},
  volume={20},
  number={12},
  pages={2122--2131},
  year={2014},
  publisher={IEEE}
}

@article{heer2012interactive,
  title={Interactive dynamics for visual analysis},
  author={Heer, Jeffrey and Shneiderman, Ben},
  journal={Queue},
  volume={10},
  number={2},
  pages={30},
  year={2012},
  publisher={ACM}
}
